% Referência para o pacote DistributionTest
@article{DistributionTest,
  title={Package ‘DistributionTest’},
  author={Cui, Ning and Zhou, Maoyuan and Cui, Maintainer Ning},
  year={2020}
}

% Referência para o pacote irr
@article{irr,
  title={Package ‘irr’},
  author={Gamer, Matthias and Lemon, Jim and Gamer, Maintainer Matthias and Robinson, A and Kendall’s, W},
  journal={Various coefficients of interrater reliability and agreement},
  volume={22},
  pages={1--32},
  year={2012}
}

% Referência para o pacote moments
@article{moments,
  title={Moments, cumulants, skewness, kurtosis and related tests},
  author={Komsta, Lukasz and Novomestky, Frederick},
  journal={R package version},
  volume={14},
  number={1},
  year={2015}
}

% Referência para o pacote nortest
@article{nortest,
  title={Package ‘nortest’},
  author={Gross, Juergen and Gross, Maintainer Juergen},
  journal={Tests Norm. R Package Version},
  volume={1},
  year={2009},
  publisher={Citeseer}
}

% Referência para o pacote DescTools
@article{DescTools,
  title={Package ‘DescTools’},
  author={Signorell, Andri and Aho, K and Alfons, A and Anderegg, N and Aragon, T and Arachchige, C and Arppe, A and Baddeley, A and Barto{\'n}, K and Bolker, B},
  journal={R package version 0.99},
  volume={41},
  year={2021}
}
% Referência para o pacote mvtnorm
@article{mvtnorm,
  title={Package ‘mvtnorm’},
  author={Genz, Alan and Bretz, Frank and Miwa, Tetsuhisa and Mi, Xuefei and Leisch, Friedrich and Scheipl, Fabian and Bornkamp, Bjoern and Maechler, Martin and Hothorn, Torsten and Hothorn, Maintainer Torsten},
  journal={Journal of Computational and Graphical Statistics},
  volume={11},
  number={950-971},
  pages={155},
  year={2021}
}

% Referência para o pacote  dplyr
@article{dplyr,
  title={dplyr: A grammar of data manipulation},
  author={Wickham, Hadley and Fran{\c{c}}ois, Romain and Henry, Lionel and M{\"u}ller, Kirill and Vaughan, Davis and others},
  year={2020}
}

% Referência para o pacote  tidyr
@article{tidyr,
  title={Package ‘tidyr’},
  author={Wickham, Hadley and Wickham, Maintainer Hadley},
  journal={Easily Tidy Data with’spread’and’gather ()’Functions},
  year={2017}
}

% Referência para o pacote magrittr
@article{magrittr,
  title={Package ‘magrittr’},
  author={Bache, Stefan Milton and Wickham, Hadley and Henry, Lionel and Henry, Maintainer Lionel},
  journal={R. Package Version},
  year={2022}
}

% Referência para o pacote ggplot2
@Book{ggplot2,
    author = {Hadley Wickham},
    title = {ggplot2: Elegant Graphics for Data Analysis},
    publisher = {Springer-Verlag New York},
    year = {2016},
    isbn = {978-3-319-24277-4},
    url = {https://ggplot2.tidyverse.org},
}

% Referência para o pacote ARTIGO DE: "AVALIAÇÃO DE TESTES DE NORMALIDADE ..."
@article{carradori2014avaliaccao,
  title={AVALIA{\c{C}}{\~A}O DE TESTES DE NORMALIDADE IMPLEMENTADOS NO PROGRAMA R POR SIMULA{\c{C}}{\~A}O MONTE CARLO (pp. 33-41)},
  author={Carradori, Renata Guidi and de Siqueira Ramos, Patr{\'\i}cia},
  journal={Revista da Estat{\'\i}stica da Universidade Federal de Ouro Preto},
  volume={3},
  number={2},
  year={2014}
}

% CITAÇÕES PARA O TESTE DE KAPPAM-FLEISS
% --------------------------------------
% 1. 
@article{conger1980integration,
  title={Integration and generalization of kappas for multiple raters.},
  author={Conger, Anthony J},
  journal={Psychological bulletin},
  pages={322-328},
  year={1980},
  publisher={American Psychological Association}
}
% 2.
@article{fleiss1971measuring,
  title={Measuring nominal scale agreement among many raters.},
  author={Fleiss, Joseph L},
  journal={Psychological bulletin},
  volume={76},
  number={5},
  pages={378},
  year={1971},
  publisher={American Psychological Association}
}
% 3.
@book{fleiss2003statistical,
  title={Statistical Methods for Rates and Proportions},
  author={Fleiss, Joseph L. and Levin, Bruce and Paik, Myunghee Cho},
  year={2003},
  edition={3rd},
  publisher={John Wiley & Sons},
  address={New York}
}% --------------------------------------

% Referência para o livro de Estatística Básica, Bussab e Morettin
@book{bussab2010estatistica,
  title={Estat{\'\i}stica B{\'a}sica},
  author={Bussab, Wilton de O and Morettin, Pedro A},
  booktitle={Estat{\'\i}stica b{\'a}sica},
  year={2010}
}

% Referência
@article{dufour1998simulation,
  title={Simulation-based finite sample normality tests in linear regressions},
  author={Dufour, Jean-Marie and Farhat, Abdeljelil and Gardiol, Lucien and Khalaf, Lynda},
  journal={The Econometrics Journal},
  volume={1},
  number={1},
  pages={154--173},
  year={1998},
  publisher={Wiley Online Library}
}

% Referencias deixadas por Denilson

@article{cardoso2010multivariate,
  title={Multivariate extension of chi-squared univariate normality test},
  author={Cardoso de Oliveira, IR and Ferreira, DF},
  journal={Journal of Statistical Computation and Simulation},
  volume={80},
  number={5},
  pages={513--526},
  year={2010},
  publisher={Taylor \& Francis}
}

@article{metropolis1949monte,
  title={The monte carlo method},
  author={Metropolis, Nicholas and Ulam, Stanislaw},
  journal={Journal of the American statistical association},
  volume={44},
  number={247},
  pages={335--341},
  year={1949},
  publisher={Taylor \& Francis}
}

@article{carlo2001monte,
  title={Monte Carlo methods in financial engineering},
  author={Carlo, Quasi-Monte},
  year={2001}
}

@book{rubinstein2016simulation,
  title={Simulation and the Monte Carlo method},
  author={Rubinstein, Reuven Y and Kroese, Dirk P},
  year={2016},
  publisher={John Wiley \& Sons}
}

@article{lopes2013utilizaccao,
  title={Utiliza{\c{c}}{\~a}o dos testes estat{\'\i}sticos de Kolmogorov-Smirnov e Shapiro-Wilk para verifica{\c{c}}{\~a}o da normalidade para materiais de pavimenta{\c{c}}{\~a}o},
  author={Lopes, Manuela de Mesquita and Castelo Branco, Ver{\^o}nica Teixeira Franco and Soares, Jorge Barbosa},
  year={2013}
}

% Referências dos Testes

@article{lilliefors1967kolmogorov,
  title={On the Kolmogorov-Smirnov test for normality with mean and variance unknown},
  author={Lilliefors, Hubert W},
  journal={Journal of the American statistical Association},
  volume={62},
  number={318},
  pages={399--402},
  year={1967},
  publisher={Taylor \& Francis}
}

@article{dallal1986analytic,
  title={An analytic approximation to the distribution of Lilliefors's test statistic for normality},
  author={Dallal, Gerard E and Wilkinson, Leland},
  journal={The American Statistician},
  volume={40},
  number={4},
  pages={294--296},
  year={1986},
  publisher={Taylor \& Francis}
}

@article{anderson1952asymptotic,
  title={Asymptotic theory of certain" goodness of fit" criteria based on stochastic processes},
  author={Anderson, Theodore W and Darling, Donald A},
  journal={The annals of mathematical statistics},
  pages={193--212},
  year={1952},
  publisher={JSTOR}
}

@incollection{stephens1986edf,
  author    = {Stephens, M. A.},
  title     = {Tests based on EDF statistics},
  booktitle = {Goodness-of-Fit Techniques},
  editor    = {D'Agostino, R. B. and Stephens, M. A.},
  publisher = {Marcel Dekker},
  address   = {New York},
  year      = {1986},
  pages     = {97--193} % Inclua o intervalo de páginas, se disponível.
}

@article{shaphiro1965analysis,
  title={An analysis of variance test for normality},
  author={Shaphiro, S and Wilk, MBJB},
  journal={Biometrika},
  volume={52},
  number={3},
  pages={591--611},
  year={1965}
}

@article{d1973tests,
  title={Tests for departure from normality. Empirical results for the distributions of b 2 and√ b},
  author={D'agostino, Ralph and Pearson, Egon S},
  journal={Biometrika},
  volume={60},
  number={3},
  pages={613--622},
  year={1973},
  publisher={Oxford University Press}
}